<record><leader>00000cas a22000007a 4500</leader><controlfield tag="001">11701920</controlfield><controlfield tag="008">850215d18401841inuwr ne      0    0eng d</controlfield><controlfield tag="009">5452</controlfield><datafield ind1=" " ind2=" " tag="010"><subfield code="a">sn 85047690 </subfield></datafield><datafield ind1=" " ind2=" " tag="040"><subfield code="a">NPI</subfield><subfield code="b">eng</subfield><subfield code="c">NPI</subfield><subfield code="d">DLC</subfield></datafield><datafield ind1="1" ind2=" " tag="029"><subfield code="a">AU@</subfield><subfield code="b">000025838044</subfield></datafield><datafield ind1=" " ind2=" " tag="042"><subfield code="a">msc</subfield></datafield><datafield ind1="0" ind2="0" tag="050"><subfield code="a">Newspaper 7701-X</subfield></datafield><datafield ind1="0" ind2=" " tag="130"><subfield code="a">Indiana patriot (Rising Sun, Ind.)</subfield></datafield><datafield ind1="0" ind2="0" tag="245"><subfield code="a">Indiana patriot.</subfield></datafield><datafield ind1=" " ind2=" " tag="260"><subfield code="a">Rising Sun, Ind. :</subfield><subfield code="b">J.B. Kent,</subfield><subfield code="c">1840-</subfield></datafield><datafield ind1=" " ind2=" " tag="300"><subfield code="a">v. :</subfield><subfield code="b">ill. (chiefly advertisements) ;</subfield><subfield code="c">52 cm.</subfield></datafield><datafield ind1=" " ind2=" " tag="310"><subfield code="a">Weekly</subfield></datafield><datafield ind1="0" ind2=" " tag="362"><subfield code="a">Vol. 1, no. 1 (Oct. 10, 1840)-</subfield></datafield><datafield ind1="1" ind2=" " tag="362"><subfield code="a">Ceased in March 1841.</subfield></datafield><datafield ind1=" " ind2=" " tag="500"><subfield code="a">Subtitle: "Liberty and union, now and forever, one and inseparable."</subfield></datafield><datafield ind1=" " ind2=" " tag="500"><subfield code="a">Until March 1, 1844, Rising Sun was part of Dearborn County.</subfield></datafield><datafield ind1=" " ind2=" " tag="500"><subfield code="a">Publishers: Oct. 10, 1840-Nov. 21, 1840, G.M. Child; Dec. 5, 1840-&lt;Feb. 1841&gt;, J.B. Kent.</subfield></datafield><datafield ind1=" " ind2=" " tag="500"><subfield code="a">"Whig."</subfield></datafield><datafield ind1=" " ind2=" " tag="515"><subfield code="a">No issue published on Nov. 28, 1840.</subfield></datafield><datafield ind1=" " ind2=" " tag="752"><subfield code="a">United States</subfield><subfield code="b">Indiana</subfield><subfield code="c">Dearborn</subfield><subfield code="d">Rising Sun.</subfield></datafield><datafield ind1=" " ind2=" " tag="752"><subfield code="a">United States</subfield><subfield code="b">Indiana</subfield><subfield code="c">Ohio</subfield><subfield code="d">Rising Sun.</subfield></datafield><datafield ind1="0" ind2="0" tag="780"><subfield code="t">Rising Sun journal</subfield><subfield code="w">(DLC)sn 82015013</subfield></datafield><datafield ind1="0" ind2="0" tag="785"><subfield code="t">Dearborn County register (Wilmington, Ind.)</subfield><subfield code="w">(DLC)sn 85047667</subfield></datafield></record>